@article{Kempe_Maximizing_2003,
	Author = {Kempe, D and Kleinberg, J and Tardos, {\'E}},
	Doi = {10.1145/956750.956769},
	Isbn = {1-58113-737-0},
	Publisher = {acm},
	Title = {Maximizing the spread of influence through a social network},
	Year = {2003}
	}

@article{Rodriguez_Inferring_2010,
	Author = {Rodriguez, Gomez M and Leskovec, J},
	Date-Modified = {2016-09-12 21:46:48 +0000},
	Title = {Inferring networks of diffusion and influence},
    journal={kdd},
	Year = {2010}
    }

@article{Zhao_Detecting_2014,
	Author = {Zhao, B and Wang, J and Li, M and Wu, {FX} and Pan, Y},
	Journal = {IEEE/ACM Transactions on Computational Biology and Bioinformatics.},
	Title = {Detecting protein complexes based on uncertain graph model},
	Year = {2014}}

@article{Asthana_Predicting_2004,
	Author = {Asthana, S and King, {OD} and Gibbons, {FD} and Roth, {FP}},
	Journal = {Genome research},
	Title = {Predicting protein complex membership using probabilistic network reliability},
	Year = {2004}}

@inproceedings{Sevon_Link_2006,
	Address = {Hinxton, UK},
	Author = {Sevon, Petteri and Eronen, Lauri and Hintsanen, Petteri and Kulovesi, Kimmo and Toivonen, Hannu},
	Booktitle = {3rd } # bintl # {Workshop on Data Integration in the Life Sciences},
	Date-Modified = {2016-09-12 23:45:42 +0000},
	Month = jul,
	Pages = {35-49},
	Title = {Link discovery in graphs derived from biological databases},
	Year = {2006}}

@article{Kempe_Maximizing_2015,
	Author = {Kempe, D and Kleinberg, J and Tardos, {\'E}},
	Journal = {Theory of Computing},
	Title = {Maximizing the spread of influence through a social network},
	Year = {2015}}

@article{Krogan_Global_2006,
	Author = {Krogan, {NJ} and Cagney, G and Yu, H and Zhong, G and Guo, X},
	Doi = {10.1038/nature04670},
	Journal = {Nature},
	Title = {Global landscape of protein complexes in the yeast Saccharomyces cerevisiae},
	Year = {2006},
	Bdsk-Url-1 = {http://dx.doi.org/10.1038/nature04670}}

@article{Ghosh_On_2007,
	Address = bvinfocom07,
	Author = {Ghosh, J and Ngo, {HQ} and Yoon, S},
	Booktitle = blinfocom07,
	Date-Modified = {2016-09-12 23:34:27 +0000},
	Month = bminfocom,
	Title = {On a routing problem within probabilistic graphs and its application to intermittently connected networks},
	Year = {2007},
	Bdsk-Url-1 = {http://dx.doi.org/10.1109/INFCOM.2007.201}}

@article{Hua_Probabilistic_2010,
	Author = {Hua, M and Pei, J},
	Title = {Probabilistic path queries in road networks: traffic uncertainty aware path selection},
	Year = {2010},
	journal={EDBT}}

@article{Adar_Managing_2007,
	Author = {Adar, E and Re, C},
	Journal = {{IEEE} Data Eng. Bull.},
	Title = {Managing Uncertainty in Social Networks.},
	Year = {2007}}

@article{Liben_Nowell_Kleinberg_2007,
	Author = {Liben Nowell, D and Kleinberg, J},
	Doi = {10.1002/asi.20591},
	Journal = {The American Society for Information Science and Technology},
	Title = {The link prediction problem for social networks},
	Url = {http://onlinelibrary.wiley.com/doi/10.1002/asi.20591/full},
	Year = {2007},
	Bdsk-Url-1 = {http://onlinelibrary.wiley.com/doi/10.1002/asi.20591/full},
	Bdsk-Url-2 = {http://dx.doi.org/10.1002/asi.20591}}

@article{Bollacker_Freebase_2008,
	Author = {Bollacker, K and Evans, C and Paritosh, P and Sturge, T},
	Journal ={SIMMOD},
	Title = {Freebase: a collaboratively created graph database for structuring human knowledge},
	Year = {2008},
	Bdsk-Url-1 = {http://dx.doi.org/10.1145/1376616.1376746}}

@article{Wang_Crowder_2012,
	Author = {Wang, J and Kraska, T and Franklin, {MJ} and Feng, J},
	Title = {CrowdER: Crowdsourcing entity resolution},
	Year = {2012},
    journal={VLDB}}

@article{Kallenberg_Foundations_2006,
	Author = {Kallenberg, Olav},
	Title = {Foundations of modern probability},
	Year = {2006}}

@article{Fraigniaud_2007,
	Author = {Fraigniaud, P},
	Title = {Small worlds as navigable augmented networks: Model, analysis, and validation},
	Year = {2007}}

@article{Boldi_Injecting_2012,
	Author = {Boldi, Paolo and Bonchi, Francesco and Gionis, Aristides and Tassa, Tamir},
	Title = {Injecting uncertainty in graphs for identity obfuscation},
    journal={SIGMOD},
	Year = {2012}
 }

@article{Nguyen_Anonymizing_2015,
	Author = {Nguyen, {HH} and Imine, A and Rusinowitch, M},
	Title = {Anonymizing Social Graphs via Uncertainty Semantics},
    journal={CCS},
	Year = {2015}}

@article{Mittal_Preserving_2013,
	Author = {Mittal, P and Papamanthou, C and Song, D},
	Title = {Preserving link privacy in social network based systems},
	Year = {2013},
    journal={NDSS}}

@article{Bonchi_Identity_2014,
	Author = {Bonchi, Francesco and Gionis, Aristides and Tassa, Tamir},
	Title = {Identity obfuscation in graphs through the information theoretic lens},
    journal={ICDE},
	Year = {2014}
}

@article{Parchas_Gullo_Papadias_Bonchi_2014,
	Author = {Parchas and Gullo and Papadias and Bonchi},
	Title = {The pursuit of a good possible world: extracting representative instances of uncertain graphs},
    journal={SIGMOD},
	Year = {2014}}

@article{Boldi_Rosa_Vigna_2011,
	Author = {Boldi, P and Rosa, M and Vigna, S},
	Title = {{HyperANF}: approximating the neighbourhood function of very large graphs on a budget},
    journal= {CoRR},
	Year = {2011}}

@article{Potamias_K_2010,
	Author = {Potamias, M and Bonchi, F and Gionis, A and Kollios, G},	
	Date-Modified = {2016-09-12 21:45:36 +0000},
	Title = {K-nearest neighbors in uncertain graphs},
	Year = {2010},
	journal={VLDB}}

@article{Jin_Distance_2011,
	Author = {Jin, R and Liu, L and Ding, B and Wang, H},
	Title = {Distance-constraint reachability computation in uncertain graphs},
	Year = {2011},
    Journal={VLDB},
	Bdsk-Url-1 = {http://dx.doi.org/10.14778/2002938.2002941}}

@article{Colbourn_Colbourn_1987, 
	title={The combinatorics of network reliability},
	author={Colbourn and Colbourn}, 
	year={1987}}

@misc{snapnets,
	Author = {Leskovec, Jure and Krevl, Andrej},
	Howpublished = {\url{http://snap.stanford.edu/data}},
	Month = jun,
	Title = {{SNAP Datasets}: {Stanford} Large Network Dataset Collection},
	Year = 2014}
    
@article{casasprivacy,
  title={Privacy-Preserving on Graphs Using Randomization and Edge-Relevance},
  author={Casas-Roma, Jordi},
  journal={Modeling Decisions for Artificial Intelligence},
  year={2015}
}

@article{Ying2009,
 author = {Ying, Xiaowei and Pan, Kai and Wu, Xintao and Guo, Ling},
 title = {Comparisons of Randomization and K-degree Anonymization Schemes for Privacy Preserving Social Network Publishing},
 journal = {SNA-KDD},
 year = {2009},
} 

@article{Ying_Randomizing_2008,
  year={2008},
  title={Randomizing Social Networks: a Spectrum Preserving Approach.},
  pages={739-750},
  author={Ying, Xiaowei and Wu, Xintao},
  series={SIAM '08}
}

@article{Hartung_Theory_2015,
  year={2015},
  title={The Complexity of Degree Anonymization by Graph Contractions},
  author={Hartung, Sepp and Talmon, Nimrod},
  journal={TAMC}
}
@article{MOBall, 
	author={M. O. Ball}, 
	journal={IEEE Transactions on Reliability}, 
	title={Computational Complexity of Network Reliability Analysis: An Overview}, 
	year={1986}
}

@article{Hay_Anonymizing_2007,
  author={Hay, Michael and Miklau, Gerome and Jensen, David and Weis, Philipp and Srivastava, Siddharth},
  title={Anonymizing social networks},
  year={2007}
}
@article{Liu_Towards_2008,
  author={Liu, Kun and Terzi, Evimaria},
  title={Towards identity anonymization on graphs},
  isbn={9781605581026},
  year={2008},
  journal={SIGMOD}
}
@article{Wang2011,
 author = {Wang, Yazhe and Xie, Long and Zheng, Baihua and Lee, Ken C. K.},
 title = {Utility-oriented K-anonymization on Social Networks},
 journal = {DASFAA},
 year = {2011},
 isbn = {978-3-642-20148-6}
} 
@article{Ninggal_Utility_2015,
  author={Ninggal, Mohd and Abawajy, Jemal H},
  title={Utility-aware social network graph anonymization},
  journal={J Netw Comput Appl},
  year={2015}
}

@article{Wu_k_2010,
  title={k-symmetry model for identity anonymization in social networks},
  author={Wu, Wentao and Xiao, Yanghua and Wang, Wei and He, Zhenying and Wang, Zhihui},
  journal={EDBT},
  year={2010}
}
@article{Bhagat_Class_2009,
  title={Class-based graph anonymization for social network data},
  author={Bhagat, Smriti and Cormode, Graham and Krishnamurthy, Balachander and Srivastava, Divesh},
  year={2009},
  journal={Proc Vldb Endow},
  issn={2150-8097}
}
@article{Cormode_Anonymizing_2008,
  title={Anonymizing bipartite graph data using safe groupings},
  doi={10.14778/1453856.1453947},
  author={Cormode, G and Srivastava, D and Yu, T and Zhang, Q},
  year={2008},
  journal={VLDB},
}
@article{Zhou_Preserving_2008,
  title={Preserving Privacy in Social Networks Against Neighborhood Attacks},
  author={Zhou, Bin and Pei, Jian},
  year={2008},
  journal={ICDE}
}
@article{Thompson_The_2009,
  title={The union-split algorithm and cluster-based anonymization of social networks},
  doi={10.1145/1533057.1533088},
  author={Thompson, Brian and Yao, Danfeng},
  journal={ASIACCS},
  year={2009}
}

% publication in submission 
@inproceedings{DegreeAUG,
  author    = {Dongqing Xiao and
               Mohamed Y. Eltabakh and
               Xiangnan Kong
               },
  title     = {Reliability-Preserving Anonymization on Uncertain Graphs},
  journal	={SIGMOD}
}

@article{Backstrom2011,
 author = {Backstrom, Lars and Dwork, Cynthia and Kleinberg, Jon},
 title = {Wherefore Art Thou R3579X?: Anonymized Social Networks, Hidden Patterns, and Structural Steganography},
 journal = {WWW},
 number = {12},
 month = dec,
 year = {2011},
 pages = {133--141},
 numpages = {9}
} 

@inproceedings{Narayanan2009,
 author = {Narayanan, Arvind and Shmatikov, Vitaly},
 title = {De-anonymizing Social Networks},
 year = {2009},
 isbn = {978-0-7695-3633-0},
 pages = {173--187},
 journal={SP}
} 


@inproceedings{Jorgensen2016,
 author = {Jorgensen, Zach and Yu, Ting and Cormode, Graham},
 title = {Publishing Attributed Social Graphs with Formal Privacy Guarantees},
 journal = {SIGMOD},
 year = {2016},
 pages = {107--122},
 numpages = {16}
}

@book{Nagle_EWNI_2012,
  year={2012},
  title={{EWNI:} Efficient Anonymization of Vulnerable Individuals in Social Networks},
  author={Nagle, Frank and Singh, Lisa and {Gkoulalas-Divanis,} Aris},
  journal ={Advances in Knowledge Discovery and Data Mining.}
}


