@article{H14,
	author = {Hu, Xiaocheng and Tao, Yufei and Chung, Chin-Wan},
	title = {I/O-Efficient Algorithms on Triangle Listing and Counting},
	journal = {ACM Trans. Database Syst.},
	volume = {39},
	number = {4},
	year = {2014},
	ages={1â€“30}
	}



@article{Latapy08,
	Author = {M. Latapy},
	Journal = {Theoretical computer science},
	Title = {Main-memory triangle computations for very large (sparse (power-law)) graphs},
	Year = {2008},
	volume = {407},
 	number = {1-3},
	pages = {458--473}
	}

@inproceedings{CC11,
	Author = {S. Chu and J. Cheng},
	Booktitle = {KDD},
	Title = {Triangle listing in Massive Networks and its application},
	Year = {2011},
 	pages = {672--680},
 	numpages = {9}
 	}

@article{Eckmann_Moses_2002,
	Author = {Eckmann, JP and Moses, E},
	Journal = {Academy of Sciences},
	Title = {Curvature of co-links uncovers hidden thematic layers in the world wide web},
	Year = {2002},
	}

@article{Wang_2010,
	Author = {Wang, Nan and Zhang, Jingbo and Tan, Kian-Lee and Tung, Anthony K. H.},
	Journal = {VLDB},
	Title = {On Triangulation-based Dense Neighborhood Graph Discovery},
	Year = {2010}
	volume = {4},
 	number = {2},
 	pages = {58--68}
 	}

@article{Milo_Shen-Orr_Itzkovitz_Kashtan_Chklovskii_2002,
	Author = {Milo, R and Shen-Orr, S and Itzkovitz, S and Kashtan, N and Chklovskii, D},
	Journal = {Academy of Sciences},
	Title = {Network motifs: simple building blocks of complex networks},
	Year = {2002}}

@article{MapReduceGoogle,
	Author = {Dean, Jeffrey and Ghemawat, Sanjay},
	Journal = {Commun. ACM},
	Title = {MapReduce: Simplified Data Processing on Large Clusters},
	Year = {2008}}

@article{CostMapreduce,
	Author = {Sarma, Anish Das and Afrati, Foto N. and Salihoglu, Semih and Ullman, Jeffrey D.},
	Journal = {PVLDB},
	Title = {Upper and lower bounds on the cost of a map-reduce computation},
	Year = {2013}
	volume = {6},
 	number = {4},
 	pages = {277--288}
 	}

@inproceedings{Pregel,
	 author = {Malewicz, Grzegorz and Austern, Matthew H. and Bik, Aart J.C and Dehnert, James C. and Horn, Ilan and Leiser, Naty and Czajkowski, Grzegorz},
	 title = {Pregel: A System for Large-scale Graph Processing},
	 booktitle = {SIGMOD},
	 year = {2010},
	 isbn = {978-1-4503-0032-2},
	 pages = {135--146},
} 


@article{Khuller_Saha_2009,
	Author = {Khuller, S and Saha, B},
	Journal = {Automata},
	Title = {On finding dense subgraphs},
	Year = {2009}}

@inproceedings{Leskovec_Lang_Dasgupta_2008,
	author = {Leskovec, Jure and Lang, Kevin J. and Dasgupta, Anirban and Mahoney, Michael W.},
	title = {Statistical Properties of Community Structure in Large Social and Information Networks},
	booktitle = {WWW},
	year = {2008},
	pages = {695--704},
	} 

@article{Alon_Yuster_Zwick_1997,
	Author = {N. Alon and R. Yuster and U. Zwick},
	Journal = {Algorithmica},
	Title = {Finding and counting given length cycles},
	Year = {1997}
	}

@article{Batagelj_Mrvar_2001,
	Author = {Batagelj, V and Mrvar, A},
	Journal = {Social networks},
	Title = {A subquadratic triad census algorithm for large sparse networks with small maximum degree},
	Year = {2001}}

@article{Itai_Rodeh_1978,
	Author = {Itai, A and Rodeh, M},
	Journal = {SIAM},
	Title = {Finding a minimum circuit in a graph},
	Year = {1978}}

@inproceedings{Coppersmith_Kumar_2004,
	author = {Coppersmith, Don and Kumar, Ravi},
	title = {An Improved Data Stream Algorithm for Frequency Moments},
	booktitle = {SODA},
	year = {2004},
	pages = {151--156}
	} 

@article{Buriol_Frahling_Leonardi_2006,
	Author = {Buriol, LS and Frahling, G and Leonardi, S},
	Journal = {PODS},
	Title = {Counting triangles in data streams},
	Year = {2006},
	pages = {253--262}
	}

@article{Becchetti_Boldi_Castillo_Gionis_2008,
	Author = {Becchetti, L and Boldi, P and Castillo, C and Gionis, A},
	Journal = {KDD},
	Title = {Efficient semi-streaming algorithms for local triangle counting in massive graphs},
	Year = {2008},
	pages = {16--24}
	}

@article{GraphChi,
	Author = {Aapo Kyrola and Guy Blelloch and Carlos Guestrin},
	Journal = {OSDI},
	Title = {GraphChi: Large-Scale Graph Computation on Just a PC},
	Year = {2012},
	pages = {31--46}
	}

@article{Trinity,
	Author = {Shao, Bin and Wang, Haixun and Li, Yatao},
	Journal = {SIGMOD},
	Title = {Trinity: A Distributed Graph Engine on a Memory Cloud},
	Year = {2013},
	pages = {505--516}
	}

@article{Clauset:2009,
	Author = {Clauset, Aaron and Shalizi, Cosma Rohilla and Newman, M. E. J.},
	Issn = {0036-1445},
	Journal = {SIAM Rev.},
	Publisher = {Society for Industrial and Applied Mathematics},
	Title = {Power-Law Distributions in Empirical Data},
	Year = {2009}}

@article{Schank_2007,
	Author = {Schank, T},
	Journal = {Phd in computer science},
	Title = {Algorithmic aspects of triangle-based network analysis},
	Year = {2007}}

@article{Lin_2009,
	Author = {Lin, J},
	Title = {The curse of zipf and limits to parallelization: A look at the stragglers problem in mapreduce},
	Year = {2009},
    Journal = {LSDR-IR workshop},
	}

@article{whitehadoop_2010,
	Author = {White, Tom},
	Publisher = {{O'Reilly} Media, Inc.},
	Title = {Hadoop: The definitive guide},
	Year = {2010}}

@article{Sarma_Afrati_Salihoglu_Ullman_2013,
	Author = {Sarma, Anish and Afrati, Foto N and Salihoglu, Semih and Ullman, Jeffrey D},
	Journal = {VLDB},
	Title = {Upper and lower bounds on the cost of a map-reduce computation},
	Year = {2013},
	pages = {277--288},
	volume = {6},
	number = {4}
	}

@article{Tsourakakis_Kang_Miller_2009,
	Author = {Tsourakakis, CE and Kang, U and Miller, GL},
	Journal = {KDD},
	Title = {Doulion: counting triangles in massive graphs with a coin},
	Year = {2009},
	pages = {837--846}
	}

@article{Suri_Vassilvitskii_2011,
	Author = {Suri, Siddharth and Vassilvitskii, Sergei},
	Journal = {KDD},
	Publisher = {ACM},
	Title = {Counting triangles and the curse of the last reducer},
	Year = {2011},
	pages = {607--614}
	}

@article{PowerGraph,
	Author = {Joseph E. Gonzalez and Yucheng Low and Haijie Gu and Danny Bickson and Carlos Guestrin},
	Journal = {OSDI},
	Title = {PowerGraph: Distributed Graph-Parallel Computation on Natural Graphs},
	Year = {2012},
	pages = {17--30}}

@article{TurboGraph,
	Author = {Han, Wook-Shin and Lee, Sangyeon and Park, Kyungyeol and Lee, Jeong-Hoon and Kim, Min-Soo and Kim, Jinha and Yu, Hwanjo},
	Journal = {KDD},
	Title = {TurboGraph: a fast parallel graph engine handling billion-scale graphs in a single PC},
	Year = {2013},
	pages = {77--85}
	}

@article{Garey_1974,
	Author = {Garey, M. R. and Johnson, D. S. and Stockmeyer, L.},
	Journal = {SOTC},
	Title = {Some Simplified NP-complete Problems},
	Year = {1974}}

@article{LaSalle_Karypis_2013,
	Author = {LaSalle, Dominique and Karypis, George},
	Journal = {IEEE International Parallel and Distributed Processing Symposium},
	Title = {Multi-threaded graph partitioning},
	Year = {2013}}

@article{Patric,
	Author = {Arifuzzaman, Shaikh and Khan, Maleq and Marathe, Madhav},
	Journal = {CIKM},
	Title = {Patric: A parallel algorithm for counting triangles in massive networks},
	Year = {2013},
	pages = {529--538}
	}

@article{mislove2008growth,
	Author = {Mislove, Alan and Koppula, Hema Swetha and Gummadi, Krishna P and Druschel, Peter and Bhattacharjee, Bobby},
	Journal = {WOSN},
	Title = {Growth of the flickr social network},
	Year = {2008}}

@article{Rowe2009Scien,
	Author = {Rowe and Gavin La and Sumeet Adinath Ambre and John W. Burgoon and Weimao Ke and and Katy B{\"o}rner},
	Date-Modified = {2015-06-14 20:13:47 +0000},
	Journal = {Scientometrics},
	Title = {The Scholarly Database and its Utility for Scientometrics Research},
	Year = {2009}}

@article{watts_D_1998,
	Author = {Watts, D. J. and Strogatz, S. H.},
	Journal = {Nature},
	Title = {{Collective dynamics of'small-world'networks.}},
	Volume = {393},
	Year = {1998}}

@article{Newman_2003,
	Author = {Newman, MEJ},
	Journal = {SIAM review},
	Title = {The structure and function of complex networks},
	Year = {2003}}

@article{Chiba_Nishizeki_1985,
	Author = {Chiba, N and Nishizeki, T},
	Journal = {SIAM Journal on Computing},
	Title = {Arboricity and subgraph listing algorithms},
	Url = {http://epubs.siam.org/doi/abs/10.1137/0214017},
	Year = {1985}
	}

@article{Berry_Hendrickson_LaViolette_Phillips_2011,
	Author = {Berry, JW and Hendrickson, B and LaViolette, RA and Phillips, CA},
	Journal = {Physical Review E},
	Title = {Tolerating the community detection resolution limit with edge weighting},
	Year = {2011}}

@article{Dean_Ghemawat_2008,
	Author = {Dean, Jeffrey and Ghemawat, Sanjay},
	Issn = {0001-0782},
	Journal = {Communications of the ACM},
	Publisher = {acm},
	Title = {MapReduce:Simplified Data Processing on Large Cluster},
	Year = {2008}}

@article{Shvachko_Kuang_Radia_Chansler_2010,
	Author = {Shvachko, Konstantin and Kuang, Hairong and Radia, Sanjay and Chansler, Robert},
	Publisher = {IEEE},
	Title = {The hadoop distributed file system},
    journal = {MSST},
	Year = {2010}}

@article{Gonzalez_Xin_Dave_Crankshaw_2014,
	Author = {Gonzalez, JE and Xin, RS and Dave, A and Crankshaw, D},
	Journal = {GRADES,SIGMOD workshop},
	Title = {Graphx: Graph processing in a distributed dataflow framework},
	Year = {2014},
	pages = {599--613}
	}

@article{Yang_Leskovec_2013,
	Author = {Yang, J and Leskovec, J},
	Journal = {WSDM},
	Title = {Overlapping community detection at scale: a nonnegative matrix factorization approach},
	Year = {2013},
	pages = {587--596}
	}

@article{Prat2014,
	Author = {Prat-P{\'e}rez, A and Dominguez-Sal{\ldots}, D},
	Journal= {WWW}
	Title = {High quality, scalable and parallel community detection for large real graphs},
	Url = {http://dl.acm.org/citation.cfm?id=2568010},
	Year = {2014},
	pages = {225--236}
	}

@inproceedings{Riedy:2011:PCD:2351958.2351991,
	Author = {Riedy, E. Jason and Meyerhenke, Henning and Ediger, David and Bader, David A.},
	Publisher = {Springer-Verlag},
	Series = {PPAM},
	Title = {Parallel Community Detection for Massive Graphs},
	Year = {2012}}

@article{Kim_Han_Lee_Park_Yu_2014,
	Author = {Kim, J and Han, WS and Lee, S and Park, K and Yu, H},
	Title = {OPT: a new framework for overlapped and parallel triangulation in large-scale graphs},
	Year = {2014},
    Journal = {SIGMOD},
    pages = {637--648}
    }

@article{Albert_Barabasi_2002,
	Author = {Albert, R and Barabasi, AL},
	Journal = {Reviews of modern physics},
	Title = {Statistical mechanics of complex networks},
	Year = {2002}
	}

@article{X-Pregel,
	title={Towards highly scalable pregel-based graph processing platform with x10},
	author={Nguyen Bao and Toyotaro Suzumura},
	Journal={WWW},
	year={2013},
	pages = {501--508}
	}

@article{X-stream,
	title={X-stream: Edge-centric graph processing using streaming partitions},
	author={A Roy and I Mihailovic and W Zwaenepoel},
	year={2013},
	journal = {SOSP},
	pages = {472--488}
	}


@article{deltaMethod,
 	author = {Gary W. Oehlert},
 	journal = {The American Statistician},
 	publisher = {[American Statistical Association, Taylor & Francis, Ltd.]},
 	title = {A Note on the Delta Method},
 	year = {1992}
 	}
    
@article{parkmapreduce2014,
	title={{MapReduce} Triangle Enumeration With Guarantees},
	author={{Ha-Myung} Park and Francesco Silvestri and U Kang and Rasmus Pagh},
	year={2014},
	journal = {CIKM},
	pages = {1739--1748}
	}

@article{keramidascache2007,
  title={Cache replacement based on reuse-distance prediction},
  author={G Keramidas and P Petoumenos},
  year={2007},
  Journal = {ICCD}
}

@article{petoumenos2009,
  title={Instruction-based reuse-distance prediction for effective cache management},
  author={Petoumenos, P and Keramidas, G},
  year={2009},
  Journal={MSP},
  pages = {60--68}
}


@article{Shao_2014,
	title={Parallel subgraph listing in a large-scale graph}, 
    author={Shao, Yingxia and Cui, Bin and Chen, Lei and Ma, Lin and Yao, Junjie and Xu, Ning}, 
    year={2014}, 
    Journal = {SIGMOD},
    pages = {625--636}
}

@article{Teixeira_2015,
	author    = {Carlos H. C. Teixeira and
               Alexandre J. Fonseca and
               Marco Serafini and
               Georgos Siganos and
               Mohammed J. Zaki and
               Ashraf Aboulnaga},
  	title     = {Arabesque: a system for distributed graph mining},
  	Journal = {SOSP},
  	year      = {2015},
  	pages = {425--440}
}